@article{lloyd1982least,
  title={Least squares quantization in PCM},
  author={Lloyd, Stuart},
  journal={IEEE transactions on information theory},
  volume={28},
  number={2},
  pages={129--137},
  year={1982},
  publisher={IEEE}
}